<record><leader>00000cas a22000007a 4500</leader><controlfield tag="001">11849302</controlfield><controlfield tag="008">850326d18701873iauwr ne      0    0eng d</controlfield><datafield ind1=" " ind2=" " tag="010"><subfield code="a">sn 85050781 </subfield></datafield><datafield ind1=" " ind2=" " tag="040"><subfield code="a">INP</subfield><subfield code="b">eng</subfield><subfield code="c">INP</subfield><subfield code="d">OCLCQ</subfield></datafield><datafield ind1=" " ind2=" " tag="042"><subfield code="a">msc</subfield></datafield><datafield ind1="0" ind2="4" tag="245"><subfield code="a">The Story County representative.</subfield></datafield><datafield ind1="3" ind2="0" tag="246"><subfield code="a">Representative</subfield></datafield><datafield ind1=" " ind2=" " tag="260"><subfield code="a">Nevada, Iowa :</subfield><subfield code="b">W.H. Gallup,</subfield><subfield code="c">1870-1873.</subfield></datafield><datafield ind1=" " ind2=" " tag="300"><subfield code="a">4 v. :</subfield><subfield code="b">ill. (chiefly advertisements)</subfield></datafield><datafield ind1=" " ind2=" " tag="310"><subfield code="a">Weekly</subfield></datafield><datafield ind1="0" ind2=" " tag="362"><subfield code="a">Vol. 13, no. 46 (May 5, 1870)-v. 16, no. 39 (Mar. 20, 1873).</subfield></datafield><datafield ind1=" " ind2=" " tag="500"><subfield code="a">"Republican."</subfield></datafield><datafield ind1=" " ind2=" " tag="500"><subfield code="a">"Hew to the line, let the chips fall where they may."</subfield></datafield><datafield ind1=" " ind2=" " tag="752"><subfield code="a">United States</subfield><subfield code="b">Iowa</subfield><subfield code="c">Story</subfield><subfield code="d">Nevada.</subfield></datafield><datafield ind1="0" ind2="0" tag="780"><subfield code="t">Story County aegis</subfield><subfield code="w">(DLC)sn 85050769</subfield></datafield><datafield ind1="0" ind2="0" tag="785"><subfield code="t">Nevada representative</subfield><subfield code="w">(DLC)sn 84027325</subfield></datafield></record>